% Encoding: UTF-8

@Book{BookPlatformTrials,
  title     = {Platform Trial Designs in Drug Development: Umbrella Trials and Basket Trials},
  publisher = {CRC Press},
  year      = {2018},
  author    = {Antonijevic, Zoran and Beckman, Robert A},
}

@Article{jiao2019,
  author    = {Jiao, Feiran and Tu, Wenda and Jimenez, Sara and Crentsil, Victor and Chen, Yeh-Fong},
  title     = {Utilizing shared internal control arms and historical information in small-sized platform clinical trials},
  journal   = {Journal of biopharmaceutical statistics},
  year      = {2019},
  volume    = {29},
  number    = {5},
  pages     = {845--859},
  publisher = {Taylor \& Francis},
}

@Article{saville2016,
  author    = {Saville, Benjamin R and Berry, Scott M},
  title     = {Efficiencies of platform clinical trials: a vision of the future},
  journal   = {Clinical Trials},
  year      = {2016},
  volume    = {13},
  number    = {3},
  pages     = {358--366},
  publisher = {SAGE Publications Sage UK: London, England},
}

@Article{berry2015,
  author    = {Berry, Scott M and Connor, Jason T and Lewis, Roger J},
  title     = {The platform trial: an efficient strategy for evaluating multiple treatments},
  journal   = {Jama},
  year      = {2015},
  volume    = {313},
  number    = {16},
  pages     = {1619--1620},
  publisher = {American Medical Association},
}

@Article{wason2012,
  author    = {Wason, James MS and Jaki, Thomas},
  title     = {Optimal design of multi-arm multi-stage trials},
  journal   = {Statistics in medicine},
  year      = {2012},
  volume    = {31},
  number    = {30},
  pages     = {4269--4279},
  publisher = {Wiley Online Library},
}

@Article{wason2014,
  author    = {Wason, James MS and Trippa, Lorenzo},
  title     = {A comparison of Bayesian adaptive randomization and multi-stage designs for multi-arm clinical trials},
  journal   = {Statistics in medicine},
  year      = {2014},
  volume    = {33},
  number    = {13},
  pages     = {2206--2221},
  publisher = {Wiley Online Library},
}

@Article{viele2014,
  author    = {Viele, Kert and Berry, Scott and Neuenschwander, Beat and Amzal, Billy and Chen, Fang and Enas, Nathan and Hobbs, Brian and Ibrahim, Joseph G and Kinnersley, Nelson and Lindborg, Stacy and others},
  title     = {Use of historical control data for assessing treatment effects in clinical trials},
  journal   = {Pharmaceutical statistics},
  year      = {2014},
  volume    = {13},
  number    = {1},
  pages     = {41--54},
  publisher = {Wiley Online Library},
}

@Article{atassi2014,
  author    = {Atassi, Nazem and Berry, James and Shui, Amy and Zach, Neta and Sherman, Alexander and Sinani, Ervin and Walker, Jason and Katsovskiy, Igor and Schoenfeld, David and Cudkowicz, Merit and others},
  title     = {The PRO-ACT database: design, initial analyses, and predictive features},
  journal   = {Neurology},
  year      = {2014},
  volume    = {83},
  number    = {19},
  pages     = {1719--1725},
  publisher = {AAN Enterprises},
}

@Article{dejardin2018,
  author    = {Dejardin, David and Delmar, Paul and Warne, Charles and Patel, Katie and van Rosmalen, Joost and Lesaffre, Emmanuel},
  title     = {Use of a historical control group in a noninferiority trial assessing a new antibacterial treatment: A case study and discussion of practical implementation aspects},
  journal   = {Pharmaceutical statistics},
  year      = {2018},
  volume    = {17},
  number    = {2},
  pages     = {169--181},
  publisher = {Wiley Online Library},
}

@Article{hobbs2018,
  author    = {Hobbs, Brian P and Chen, Nan and Lee, J Jack},
  title     = {Controlled multi-arm platform design using predictive probability},
  journal   = {Statistical methods in medical research},
  year      = {2018},
  volume    = {27},
  number    = {1},
  pages     = {65--78},
  publisher = {SAGE Publications Sage UK: London, England},
}

@Article{diekstra2012,
  author    = {Diekstra, Frank P and van Vught, Paul WJ and van Rheenen, Wouter and Koppers, Max and Pasterkamp, R Jeroen and van Es, Michael A and Schelhaas, Helenius J and de Visser, Marianne and Robberecht, Wim and Van Damme, Philip and others},
  title     = {UNC13A is a modifier of survival in amyotrophic lateral sclerosis},
  journal   = {Neurobiology of aging},
  year      = {2012},
  volume    = {33},
  number    = {3},
  pages     = {630--e3},
  publisher = {Elsevier},
}

@Article{parmar2014,
  author  = {Parmar, Mahesh KB and Carpenter, James and Sydes, Matthew R},
  title   = {More multiarm randomised trials of superiority are needed},
  journal = {The Lancet},
  year    = {2014},
  volume  = {9940},
  number  = {384},
  pages   = {283--284},
}

@Article{gravestock2017,
  author    = {Gravestock, Isaac and Held, Leonhard and COMBACTE-Net consortium},
  title     = {Adaptive power priors with empirical Bayes for clinical trials},
  journal   = {Pharmaceutical statistics},
  year      = {2017},
  volume    = {16},
  number    = {5},
  pages     = {349--360},
  publisher = {Wiley Online Library},
}

@Article{Berry2015,
  author    = {Berry, Scott M and Connor, Jason T and Lewis, Roger J},
  title     = {The platform trial: an efficient strategy for evaluating multiple treatments},
  journal   = {Jama},
  year      = {2015},
  volume    = {313},
  number    = {16},
  pages     = {1619--1620},
  publisher = {American Medical Association},
}

@Article{chvetzoff2003,
  author    = {Chvetzoff, Gis{\`e}le and Tannock, Ian F},
  title     = {Placebo effects in oncology},
  journal   = {Journal of the National Cancer Institute},
  year      = {2003},
  volume    = {95},
  number    = {1},
  pages     = {19--29},
  publisher = {Oxford University Press},
}

@Article{crumer2011,
  author    = {Crumer, Angela Maria},
  title     = {Comparison between Weibull and Cox proportional hazards models},
  year      = {2011},
  publisher = {Kansas State University},
}

@Article{van2019,
  author    = {van Eijk, Ruben PA and Nikolakopoulos, Stavros and Roes, Kit CB and Middelkoop, Bas M and Ferguson, Toby A and Shaw, Pamela J and Leigh, P Nigel and Al-Chalabi, Ammar and Eijkemans, Marinus JC and van den Berg, Leonard H},
  title     = {Critical design considerations for time-to-event endpoints in amyotrophic lateral sclerosis clinical trials},
  journal   = {Journal of Neurology, Neurosurgery \& Psychiatry},
  year      = {2019},
  volume    = {90},
  number    = {12},
  pages     = {1331--1337},
  publisher = {BMJ Publishing Group Ltd},
}

@Article{pate2016,
  author    = {Pate, Alexander and Candlish, Jane and Sperrin, Matthew and Van Staa, Tjeerd Pieter},
  title     = {Cohort Multiple Randomised Controlled Trials (cmRCT) design: efficient but biased? A simulation study to evaluate the feasibility of the Cluster cmRCT design},
  journal   = {BMC medical research methodology},
  year      = {2016},
  volume    = {16},
  number    = {1},
  pages     = {109},
  publisher = {BioMed Central},
}

@Article{huang2018Recruitment,
  author    = {Huang, Grant D and Bull, Jonca and McKee, Kelly Johnston and Mahon, Elizabeth and Harper, Beth and Roberts, Jamie N and others},
  title     = {Clinical trials recruitment planning: a proposed framework from the Clinical Trials Transformation Initiative},
  journal   = {Contemporary clinical trials},
  year      = {2018},
  volume    = {66},
  pages     = {74--79},
  publisher = {Elsevier},
}

@Article{mcdonald2006,
  author    = {McDonald, Alison M and Knight, Rosemary C and Campbell, Marion K and Entwistle, Vikki A and Grant, Adrian M and Cook, Jonathan A and Elbourne, Diana R and Francis, David and Garcia, Jo and Roberts, Ian and others},
  title     = {What influences recruitment to randomised controlled trials? A review of trials funded by two UK funding agencies},
  journal   = {Trials},
  year      = {2006},
  volume    = {7},
  number    = {1},
  pages     = {9},
  publisher = {BioMed Central},
}

@Book{EnvStats,
  title     = {EnvStats: An R Package for Environmental Statistics},
  publisher = {Springer},
  year      = {2013},
  author    = {Steven P. Millard},
  address   = {New York},
  isbn      = {978-1-4614-8455-4},
  url       = {http://www.springer.com},
}

@Manual{Rstudio,
  title        = {RStudio: Integrated Development Environment for R},
  author       = {{RStudio Team}},
  organization = {RStudio, Inc.},
  address      = {Boston, MA},
  year         = {2016},
  url          = {http://www.rstudio.com/},
}

@Article{nwobi2014,
  author    = {Nwobi, Felix Noyanim and Ugomma, Chukwudi Anderson},
  title     = {A comparison of methods for the estimation of Weibull distribution parameters},
  journal   = {Metodoloski zvezki},
  year      = {2014},
  volume    = {11},
  number    = {1},
  pages     = {65},
  publisher = {Anuska Ferligoj},
}

@Article{vRosmalen2018,
  author    = {van Rosmalen, Joost and Dejardin, David and van Norden, Yvette and L{\"o}wenberg, Bob and Lesaffre, Emmanuel},
  title     = {Including historical data in the analysis of clinical trials: Is it worth the effort?},
  journal   = {Statistical methods in medical research},
  year      = {2018},
  volume    = {27},
  number    = {10},
  pages     = {3167--3182},
  publisher = {SAGE Publications Sage UK: London, England},
}

@Article{jaki2018,
  author    = {Jaki, Thomas and Wason, James MS},
  title     = {Multi-arm multi-stage trials can improve the efficiency of finding effective treatments for stroke: a case study},
  journal   = {BMC cardiovascular disorders},
  year      = {2018},
  volume    = {18},
  number    = {1},
  pages     = {215},
  publisher = {BioMed Central},
}

@Article{normington2019,
  author    = {Normington, James and Zhu, Jiawen and Mattiello, Federico and Sarkar, Somnath and Carlin, Brad},
  title     = {An efficient Bayesian platform trial design for borrowing adaptively from historical control data in lymphoma},
  journal   = {Contemporary clinical trials},
  year      = {2019},
  pages     = {105890},
  publisher = {Elsevier},
}

@Article{nevitt2001,
  author    = {Nevitt, Jonathan and Hancock, Gregory R},
  title     = {Performance of bootstrapping approaches to model test statistics and parameter standard error estimation in structural equation modeling},
  journal   = {Structural equation modeling},
  year      = {2001},
  volume    = {8},
  number    = {3},
  pages     = {353--377},
  publisher = {Taylor \& Francis},
}

@Article{makowski2019,
  author  = {Makowski, Dominique and Ben-Shachar, Mattan and L{\"u}decke, Daniel},
  title   = {bayestestR: Describing effects and their uncertainty, existence and significance within the Bayesian framework},
  journal = {Journal of Open Source Software},
  year    = {2019},
  volume  = {4},
  number  = {40},
  pages   = {1541},
}

@Article{killip2004,
  author    = {Killip, Shersten and Mahfoud, Ziyad and Pearce, Kevin},
  title     = {What is an intracluster correlation coefficient? Crucial concepts for primary care researchers},
  journal   = {The Annals of Family Medicine},
  year      = {2004},
  volume    = {2},
  number    = {3},
  pages     = {204--208},
  publisher = {Annals Family Med},
}

@Article{higgins2002,
  author    = {Higgins, Julian PT and Thompson, Simon G},
  title     = {Quantifying heterogeneity in a meta-analysis},
  journal   = {Statistics in medicine},
  year      = {2002},
  volume    = {21},
  number    = {11},
  pages     = {1539--1558},
  publisher = {Wiley Online Library},
}

@Article{mielke2018,
  author    = {Mielke, Johanna and Schmidli, Heinz and Jones, Byron},
  title     = {Incorporating historical information in biosimilar trials: Challenges and a hybrid Bayesian-frequentist approach},
  journal   = {Biometrical Journal},
  year      = {2018},
  volume    = {60},
  number    = {3},
  pages     = {564--582},
  publisher = {Wiley Online Library},
}

@Article{Silva2009,
  author    = {Da Silva, Gisela Tunes and Logan, Brent R and Klein, John P},
  title     = {Methods for equivalence and noninferiority testing},
  journal   = {Biology of Blood and Marrow Transplantation},
  year      = {2009},
  volume    = {15},
  number    = {1},
  pages     = {120--127},
  publisher = {Elsevier},
}

@Article{walker2011,
  author    = {Walker, Esteban and Nowacki, Amy S},
  title     = {Understanding equivalence and noninferiority testing},
  journal   = {Journal of general internal medicine},
  year      = {2011},
  volume    = {26},
  number    = {2},
  pages     = {192--196},
  publisher = {Springer},
}

@Article{kulesa2015,
  author    = {Kulesa, Anthony and Krzywinski, Martin and Blainey, Paul and Altman, Naomi},
  title     = {Sampling distributions and the bootstrap: The bootstrap can be used to assess uncertainty of sample estimates},
  journal   = {Nature methods},
  year      = {2015},
  volume    = {12},
  number    = {6},
  pages     = {477},
  publisher = {NIH Public Access},
}

@Article{survivalpackage,
  author  = {Therneau, Terry M and Lumley, Thomas},
  title   = {Package ‘survival’},
  journal = {Survival analysis Published on CRAN},
  year    = {2014},
}

@Article{koti2013,
  author    = {Koti, Kallappa M},
  title     = {New tests for assessing non-inferiority and equivalence from survival data},
  journal   = {Open Journal of Statistics},
  year      = {2013},
  volume    = {3},
  number    = {02},
  pages     = {55},
  publisher = {Scientific Research Publishing},
}

@Article{bootpackage,
  author  = {Canty, Angelo J},
  title   = {Resampling methods in R: the boot package},
  journal = {The Newsletter of the R Project Volume},
  year    = {2002},
  volume  = {2},
  pages   = {3},
}

@Article{lakens2017,
  author    = {Lakens, Dani{\"e}l},
  title     = {Equivalence tests: a practical primer for t tests, correlations, and meta-analyses},
  journal   = {Social psychological and personality science},
  year      = {2017},
  volume    = {8},
  number    = {4},
  pages     = {355--362},
  publisher = {Sage Publications Sage CA: Los Angeles, CA},
}

@Article{jones1996,
  author    = {Jones, B and Jarvis, P and Lewis, JA and Ebbutt, AF},
  title     = {Trials to assess equivalence: the importance of rigorous methods},
  journal   = {Bmj},
  year      = {1996},
  volume    = {313},
  number    = {7048},
  pages     = {36--39},
  publisher = {British Medical Journal Publishing Group},
}

@Article{dienes2016,
  author    = {Dienes, Zoltan},
  title     = {How Bayes factors change scientific practice},
  journal   = {Journal of Mathematical Psychology},
  year      = {2016},
  volume    = {72},
  pages     = {78--89},
  publisher = {Elsevier},
}

@Article{han2017,
  author    = {Han, Baoguang and Zhan, Jia and John Zhong, Z and Liu, Dawei and Lindborg, Stacy},
  title     = {Covariate-adjusted borrowing of historical control data in randomized clinical trials},
  journal   = {Pharmaceutical statistics},
  year      = {2017},
  volume    = {16},
  number    = {4},
  pages     = {296--308},
  publisher = {Wiley Online Library},
}

@Article{pocock1976,
  author    = {Pocock, Stuart J},
  title     = {The combination of randomized and historical controls in clinical trials},
  journal   = {Journal of chronic diseases},
  year      = {1976},
  volume    = {29},
  number    = {3},
  pages     = {175--188},
  publisher = {Elsevier},
}

@Article{lim2018,
  author    = {Lim, Jessica and Walley, Rosalind and Yuan, Jiacheng and Liu, Jeen and Dabral, Abhishek and Best, Nicky and Grieve, Andrew and Hampson, Lisa and Wolfram, Josephine and Woodward, Phil and others},
  title     = {Minimizing patient burden through the use of historical subject-level data in innovative confirmatory clinical trials: review of methods and opportunities},
  journal   = {Therapeutic innovation \& regulatory science},
  year      = {2018},
  volume    = {52},
  number    = {5},
  pages     = {546--559},
  publisher = {SAGE Publications Sage CA: Los Angeles, CA},
}

@Article{quan2019,
  author    = {Quan, Hui and Zhang, Bingzhi and Lan, Yu and Luo, Xiaodong and Chen, Xun},
  title     = {Bayesian hypothesis testing with frequentist characteristics in clinical trials},
  journal   = {Contemporary clinical trials},
  year      = {2019},
  volume    = {87},
  pages     = {105858},
  publisher = {Elsevier},
}

@Article{Mielke2018,
  author    = {Mielke, Johanna and Schmidli, Heinz and Jones, Byron},
  title     = {Incorporating historical information in biosimilar trials: Challenges and a hybrid Bayesian-frequentist approach},
  journal   = {Biometrical Journal},
  year      = {2018},
  volume    = {60},
  number    = {3},
  pages     = {564--582},
  publisher = {Wiley Online Library},
}

@Article{altman1995,
  author    = {Altman, Douglas G and Bland, J Martin},
  title     = {Statistics notes: Absence of evidence is not evidence of absence},
  journal   = {Bmj},
  year      = {1995},
  volume    = {311},
  number    = {7003},
  pages     = {485},
  publisher = {British Medical Journal Publishing Group},
}

@Article{greene2008,
  author    = {Greene, Carolyn J and Morland, Leslie A and Durkalski, Valerie L and Frueh, B Christopher},
  title     = {Noninferiority and equivalence designs: issues and implications for mental health research},
  journal   = {Journal of traumatic stress},
  year      = {2008},
  volume    = {21},
  number    = {5},
  pages     = {433--439},
  publisher = {Wiley Online Library},
}

@Article{miller2003,
  author  = {Miller, RG and Mitchell, JD and Lyon, M and Moore, DH},
  title   = {Riluzole for amyotrophic lateral sclerosis (ALS)/motor neuron disease (MND).},
  journal = {Amyotrophic lateral sclerosis and other motor neuron disorders: official publication of the World Federation of Neurology, Research Group on Motor Neuron Diseases},
  year    = {2003},
  volume  = {4},
  number  = {3},
  pages   = {191--206},
}

@Article{royston2011,
  author    = {Royston, Patrick and Parmar, Mahesh KB},
  title     = {The use of restricted mean survival time to estimate the treatment effect in randomized clinical trials when the proportional hazards assumption is in doubt},
  journal   = {Statistics in medicine},
  year      = {2011},
  volume    = {30},
  number    = {19},
  pages     = {2409--2421},
  publisher = {Wiley Online Library},
}

@Article{kim2017,
  author    = {Kim, Dae Hyun and Uno, Hajime and Wei, Lee-Jen},
  title     = {Restricted mean survival time as a measure to interpret clinical trial results},
  journal   = {JAMA cardiology},
  year      = {2017},
  volume    = {2},
  number    = {11},
  pages     = {1179--1180},
  publisher = {American Medical Association},
}

@Article{royston2013,
  author    = {Royston, Patrick and Parmar, Mahesh KB},
  title     = {Restricted mean survival time: an alternative to the hazard ratio for the design and analysis of randomized trials with a time-to-event outcome},
  journal   = {BMC medical research methodology},
  year      = {2013},
  volume    = {13},
  number    = {1},
  pages     = {152},
  publisher = {Springer},
}

@Article{zhao2016,
  author    = {Zhao, Lihui and Claggett, Brian and Tian, Lu and Uno, Hajime and Pfeffer, Marc A and Solomon, Scott D and Trippa, Lorenzo and Wei, LJ},
  title     = {On the restricted mean survival time curve in survival analysis},
  journal   = {Biometrics},
  year      = {2016},
  volume    = {72},
  number    = {1},
  pages     = {215--221},
  publisher = {Wiley Online Library},
}

@Article{huang2018RMST,
  author    = {Huang, Bo and Kuan, Pei-Fen},
  title     = {Comparison of the restricted mean survival time with the hazard ratio in superiority trials with a time-to-event end point},
  journal   = {Pharmaceutical statistics},
  year      = {2018},
  volume    = {17},
  number    = {3},
  pages     = {202--213},
  publisher = {Wiley Online Library},
}

@Article{chang2006,
  author    = {Chang, H and Huang, K and Wu, C},
  title     = {Determination of sample size in using central limit theorem for weibull distribution},
  journal   = {International journal of information and management sciences},
  year      = {2006},
  volume    = {17},
  number    = {3},
  pages     = {31},
  publisher = {TAMKANG UNIVERSITY},
}

@Article{li2020,
  author    = {Li, Wen and Liu, Frank and Snavely, Duane},
  title     = {Revisit of test-then-pool methods and some practical considerations},
  journal   = {Pharmaceutical Statistics},
  year      = {2020},
  publisher = {Wiley Online Library},
}

@Article{spruance2004,
  author    = {Spruance, Spotswood L and Reid, Julia E and Grace, Michael and Samore, Matthew},
  title     = {Hazard ratio in clinical trials},
  journal   = {Antimicrobial agents and chemotherapy},
  year      = {2004},
  volume    = {48},
  number    = {8},
  pages     = {2787--2792},
  publisher = {Am Soc Microbiol},
}

@Article{hajian2013,
  author    = {Hajian-Tilaki, Karimollah},
  title     = {Receiver operating characteristic (ROC) curve analysis for medical diagnostic test evaluation},
  journal   = {Caspian journal of internal medicine},
  year      = {2013},
  volume    = {4},
  number    = {2},
  pages     = {627},
  publisher = {Babol University of Medical Sciences},
}

@Article{dron2019,
  author    = {Dron, Louis and Golchi, Shirin and Hsu, Grace and Thorlund, Kristian},
  title     = {Minimizing control group allocation in randomized trials using dynamic borrowing of external control data--An application to second line therapy for non-small cell lung cancer},
  journal   = {Contemporary clinical trials communications},
  year      = {2019},
  volume    = {16},
  pages     = {100446},
  publisher = {Elsevier},
}

@Article{Lakens2017,
  author    = {Lakens, Dani{\"e}l},
  title     = {Equivalence tests: a practical primer for t tests, correlations, and meta-analyses},
  journal   = {Social psychological and personality science},
  year      = {2017},
  volume    = {8},
  number    = {4},
  pages     = {355--362},
  publisher = {Sage Publications Sage CA: Los Angeles, CA},
}

@Article{simmons2009,
  author    = {Simmons, Zachary},
  title     = {Can we eliminate placebo in ALS clinical Trials?},
  journal   = {Muscle \& Nerve: Official Journal of the American Association of Electrodiagnostic Medicine},
  year      = {2009},
  volume    = {39},
  number    = {6},
  pages     = {861--865},
  publisher = {Wiley Online Library},
}

@Article{statland2019,
  author    = {Statland, Jeffrey M and Moore, Dan and Wang, Yunxia and Walsh, Maureen and Mozaffar, Tahseen and Elman, Lauren and Nations, Sharon P and Mitsumoto, Hiroshi and Fernandes, J Americo and Saperstein, David and others},
  title     = {Rasagiline for amyotrophic lateral sclerosis: A randomized, controlled trial},
  journal   = {Muscle \& nerve},
  year      = {2019},
  volume    = {59},
  number    = {2},
  pages     = {201--207},
  publisher = {Wiley Online Library},
}

@Misc{donofrio2011,
  author    = {Donofrio, Peter D and Bedlack, Richard},
  title     = {Historical controls in ALS trials: A high seas rescue?},
  year      = {2011},
  publisher = {AAN Enterprises},
}

@Manual{Rmanual,
  title        = {R: A Language and Environment for Statistical Computing},
  author       = {{R Core Team}},
  organization = {R Foundation for Statistical Computing},
  address      = {Vienna, Austria},
  year         = {2019},
  url          = {https://www.R-project.org/},
}

@Article{chio2009,
  author    = {Chio, Adriano and Logroscino, Giancarlo and Hardiman, Orla and Swingler, Robert and Mitchell, Douglas and Beghi, Ettore and Traynor, Bryan G and Eurals Consortium and others},
  title     = {Prognostic factors in ALS: a critical review},
  journal   = {Amyotrophic lateral sclerosis},
  year      = {2009},
  volume    = {10},
  number    = {5-6},
  pages     = {310--323},
  publisher = {Taylor \& Francis},
}

@Article{Simmons2009,
  author    = {Simmons, Zachary},
  title     = {Can we eliminate placebo in ALS clinical Trials?},
  journal   = {Muscle \& Nerve: Official Journal of the American Association of Electrodiagnostic Medicine},
  year      = {2009},
  volume    = {39},
  number    = {6},
  pages     = {861--865},
  publisher = {Wiley Online Library},
}

@Article{kruschke2018,
  author    = {Kruschke, John K and Liddell, Torrin M},
  title     = {The Bayesian New Statistics: Hypothesis testing, estimation, meta-analysis, and power analysis from a Bayesian perspective},
  journal   = {Psychonomic Bulletin \& Review},
  year      = {2018},
  volume    = {25},
  number    = {1},
  pages     = {178--206},
  publisher = {Springer},
}

@Comment{jabref-meta: databaseType:bibtex;}
